<record><leader>00000cas a2200000 a 4500</leader><controlfield tag="001">15508981</controlfield><controlfield tag="008">870409d19091989orudn ne      0   a0eng c</controlfield><datafield ind1=" " ind2=" " tag="010"><subfield code="a">sn 97071090 </subfield></datafield><datafield ind1=" " ind2=" " tag="040"><subfield code="a">ORY</subfield><subfield code="b">eng</subfield><subfield code="c">ORY</subfield><subfield code="d">OCL</subfield><subfield code="d">CNK</subfield><subfield code="d">OCN</subfield><subfield code="d">OCL</subfield><subfield code="d">OCLCQ</subfield><subfield code="d">ORU</subfield><subfield code="d">DLC</subfield><subfield code="d">OCLCO</subfield><subfield code="d">OCLCQ</subfield><subfield code="d">ORU</subfield><subfield code="d">OCLCF</subfield></datafield><datafield ind1=" " ind2=" " tag="019"><subfield code="a">226273423</subfield></datafield><datafield ind1="0" ind2=" " tag="022"><subfield code="a">2163-6699</subfield><subfield code="2">1</subfield></datafield><datafield ind1="1" ind2=" " tag="029"><subfield code="a">AU@</subfield><subfield code="b">000014486674</subfield></datafield><datafield ind1=" " ind2=" " tag="042"><subfield code="a">pcc</subfield><subfield code="a">nsdp</subfield></datafield><datafield ind1=" " ind2=" " tag="043"><subfield code="a">n-us-or</subfield></datafield><datafield ind1="0" ind2="0" tag="050"><subfield code="a">Newspaper</subfield></datafield><datafield ind1=" " ind2="4" tag="050"><subfield code="a">AN2</subfield><subfield code="b">.M4x</subfield></datafield><datafield ind1="1" ind2="0" tag="082"><subfield code="a">070</subfield><subfield code="2">14</subfield></datafield><datafield ind1="0" ind2=" " tag="130"><subfield code="a">Medford mail tribune (Medford, Or. : Daily ed.)</subfield></datafield><datafield ind1=" " ind2="0" tag="222"><subfield code="a">Medford mail tribune</subfield><subfield code="b">(Medford, Or. Daily ed.)</subfield></datafield><datafield ind1="1" ind2="0" tag="245"><subfield code="a">Medford mail tribune.</subfield></datafield><datafield ind1="1" ind2="3" tag="246"><subfield code="a">Mail tribune</subfield></datafield><datafield ind1=" " ind2=" " tag="250"><subfield code="a">[Daily ed.].</subfield></datafield><datafield ind1=" " ind2=" " tag="260"><subfield code="a">Medford, Or. :</subfield><subfield code="b">Medford Mail Tribune,</subfield><subfield code="c">1909-1989.</subfield></datafield><datafield ind1=" " ind2=" " tag="300"><subfield code="a">v.</subfield></datafield><datafield ind1=" " ind2=" " tag="310"><subfield code="a">Daily, except Saturday</subfield></datafield><datafield ind1="0" ind2=" " tag="362"><subfield code="a">4th year, no. 193 (Nov. 1, 1909)-86th year, no. 23 (Sept. 1, 1989).</subfield></datafield><datafield ind1=" " ind2=" " tag="530"><subfield code="a">Also issued on microfilm from University of Oregon.</subfield></datafield><datafield ind1=" " ind2=" " tag="530"><subfield code="a">Archived issues are available in digital format as part of the Historic Oregon Newspaper online collection.</subfield></datafield><datafield ind1=" " ind2=" " tag="530"><subfield code="a">Archived issues are available in digital format as part of the Library of Congress Chronicling America online collection.</subfield></datafield><datafield ind1=" " ind2=" " tag="580"><subfield code="a">Formed by the union of the Medford morning mail, the Southern Oregonian (Medford, Or. : 1908), and the Medford daily tribune.</subfield></datafield><datafield ind1=" " ind2="0" tag="651"><subfield code="a">Medford (Or.)</subfield><subfield code="v">Newspapers.</subfield></datafield><datafield ind1=" " ind2="7" tag="655"><subfield code="a">Newspapers.</subfield><subfield code="2">fast</subfield><subfield code="0">(OCoLC)fst01423814</subfield></datafield><datafield ind1=" " ind2="7" tag="651"><subfield code="a">Oregon</subfield><subfield code="z">Medford.</subfield><subfield code="2">fast</subfield><subfield code="0">(OCoLC)fst01217574</subfield></datafield><datafield ind1=" " ind2=" " tag="752"><subfield code="a">United States</subfield><subfield code="b">Oregon</subfield><subfield code="c">Jackson</subfield><subfield code="d">Medford.</subfield></datafield><datafield ind1="0" ind2=" " tag="775"><subfield code="t">Meford mail tribune (Medford, Or. : Weekly ed.)</subfield><subfield code="w">(DLC)sn 97071091</subfield><subfield code="w">(OCoLC)40133083</subfield></datafield><datafield ind1="1" ind2=" " tag="776"><subfield code="t">Medford mail tribune (Medford, Or. : Daily ed. : Online)</subfield><subfield code="x">2169-5253</subfield><subfield code="w">(DLC)  2012203858</subfield><subfield code="w">(OCoLC)732734653</subfield></datafield><datafield ind1="1" ind2="5" tag="780"><subfield code="t">Medford morning mail</subfield><subfield code="w">(DLC)  2010260117</subfield><subfield code="w">(OCoLC)611595197</subfield></datafield><datafield ind1="1" ind2="5" tag="780"><subfield code="t">Southern Oregonian (Medford, Or. : 1908)</subfield><subfield code="w">(DLC)sn 97071093</subfield><subfield code="w">(OCoLC)40309013</subfield></datafield><datafield ind1="1" ind2="5" tag="780"><subfield code="t">Medford daily tribune</subfield><subfield code="w">(DLC)  2010260128</subfield><subfield code="w">(OCoLC)17899413</subfield></datafield><datafield ind1="0" ind2="0" tag="785"><subfield code="t">Mail tribune (Medford, Or.)</subfield><subfield code="w">(DLC)sn 96061864</subfield><subfield code="w">(OCoLC)34998867</subfield></datafield><datafield ind1="4" ind2="1" tag="856"><subfield code="u">http://oregonnews.uoregon.edu/lccn/97071090/issues</subfield></datafield><datafield ind1="4" ind2="1" tag="856"><subfield code="u">http://www.loc.gov/chroniclingamerica/lccn/97071090/issues</subfield></datafield></record>